<?xml version="1.0" encoding="UTF-8"?><collection xmlns="http://www.loc.gov/MARC21/slim"><record><leader>00389nam--2200145-i-4500</leader><controlfield tag="001">000013424</controlfield><controlfield tag="002">20161230</controlfield><controlfield tag="005">20161230201030</controlfield><controlfield tag="008">060222s1000------------r-----000-0-eng-d</controlfield><datafield ind1=" " ind2=" " tag="080"><subfield code="a">548.5:537.222.22</subfield></datafield><datafield ind1=" " ind2=" " tag="100"><subfield code="a">Benz, K.W./S.A.</subfield></datafield><datafield ind1=" " ind2=" " tag="245"><subfield code="a">Iii-v semiconductors</subfield></datafield><datafield ind1=" " ind2=" " tag="260"><subfield code="a">Berlin, Springer-verlag, 1980. 163 P</subfield></datafield><datafield ind1=" " ind2=" " tag="490"><subfield code="a">Crystals, Growth, Properties, And Applications</subfield></datafield><datafield ind1=" " ind2=" " tag="852"><subfield code="a">46899</subfield></datafield></record></collection>